@article{bigBallOfMud,
  author = {Brian Foote},
  title = {Big Ball of Mud},
  year = {1999},
  month = {June},
  day = {26},
  url = {http://www.laputan.org/pub/foote/mud.pdf},
}

@book{workingEffectivelyWithLegacyCode,
  Author = {Michael Feathers},
  Title = {Working Effectively with Legacy Code},
  Publisher = {Prentice Hall},
  Year = {2004},
  ISBN = {0131177052},
  URL = {http://www.amazon.com/Working-Effectively-Legacy-Michael-Feathers/dp/0131177052%3FSubscriptionId%3D0JYN1NVW651KCA56C102%26tag%3Dtechkie-20%26linkCode%3Dxm2%26camp%3D2025%26creative%3D165953%26creativeASIN%3D0131177052}
}

@article{nobleArtOfMaintenanceProgramming,
  author = {Jeff Atwood},
  title = {The Noble Art of Maintenance Programming},
  year = {2006},
  month = {June},
  day = {12},
  url = {http://blog.codinghorror.com/the-noble-art-of-maintenance-programming/},
}

@article{thingsYouShouldNeverDo,
  author = {Joel Spolsky},
  title = {Things You Should Never Do, Part I},
  year = {2000},
  month = {April},
  day = {6},
  url = {http://www.joelonsoftware.com/articles/fog0000000069.html},
}

@article{bigRewriteRevisited,
  author = {David Heinemeier Hansson},
  title = {The Big Rewrite, revisited},
  url = {https://signalvnoise.com/posts/3856-the-big-rewrite-revisited},
  month = {February},
  day = {11},
  year = {2015},
}

@article{lehman,
  doi = {10.1016/0164-1212(79)90022-0},
  url = {http://dx.doi.org/10.1016/0164-1212(79)90022-0},
  year  = {1979},
  month = {jan},
  publisher = {Elsevier {BV}},
  volume = {1},
  pages = {213--221},
  author = {M.M. Lehman},
  title = {On understanding laws,  evolution,  and conservation in the large-program life cycle},
  journal = {Journal of Systems and Software}
}

@book{softwareConflict,
  Author = {Robert L. Glass},
  Title = {Software Conflict 2.0: The Art and Science of Software Engineering},
  Publisher = {developer.* Books},
  Year = {2006},
  ISBN = {0977213307},
  URL = {http://www.amazon.co.uk/Software-Conflict-2-0-Science-Engineering/dp/0977213307}
}

@book{evaluatingSoftwareArchitectures,
  Author = {Paul Clements and Rick Kazman and Mark Klein},
  Title = {Evaluating Software Architectures: Methods and Case Studies},
  Publisher = {Addison-Wesley Professional},
  Year = {2001},
  ISBN = {020170482X},
  URL = {http://www.amazon.com/Evaluating-Software-Architectures-Methods-Studies/dp/020170482X}
}

@book{softwareArchitectureInPractice,
  Author = {Len Bass and Paul Clements and Rick Kazman},
  Title = {Software Architecture in Practice (2nd Edition)},
  Publisher = {Addison-Wesley Professional},
  Year = {2003},
  ISBN = {0321154959},
  URL = {http://www.amazon.com/Software-Architecture-Practice-2nd-Edition/dp/0321154959}
}

@book{codeAsCrimeScene,
 author = {Tornhill, Adam},
 title = {Your code as a crime scene : use forensic techniques to arrest defects, bottlenecks, and bad design in your programs},
 publisher = {Pragmatic Bookshelf},
 year = {2015},
 address = {Frisco, TX},
 isbn = {978-1-68050-038-7}
}

@book{patternsOfEnterpriseApplicationArchitecture,
  Author = {Martin Fowler},
  Title = {Patterns of Enterprise Application Architecture},
  Publisher = {Addison-Wesley Professional},
  Year = {2002},
  ISBN = {0321127420},
  URL = {http://www.amazon.com/Patterns-Enterprise-Application-Architecture-Martin/dp/0321127420},
}

@misc{mongoose,
  Author = {Automattic},
  Title = {mongoose: MongoDB object modeling designed to work in an asynchronous environment},
  URL = {https://github.com/automattic/mongoose},
}

@article{anIntroductionToSoftwareArchitecture,
  title={An introduction to software architecture},
  author={Garlan, David and Shaw, Mary},
  journal={Advances in software engineering and knowledge engineering},
  volume={1},
  number={3.4},
  year={1993},
  publisher={Singapore}
}
